%% This BibTeX bibliography file was created using BibDesk.
%% http://bibdesk.sourceforge.net/


%% Created for Hanen at 2015-03-12 14:34:29 +0100 


%% Saved with string encoding Unicode (UTF-8) 



@misc{Deliverable2.3,
	Author = {Hanen Borchani and Antonio {Fern\'{a}ndez} and Helge Langseth and Anders L. Madsen and Ana M. {Mart\'{\i}nez} and Andr\'{e} Masegosa and Thomas D. Nielsen and Antonio {Salmer\'{o}n}},
	Date-Added = {2015-03-12 13:32:18 +0000},
	Date-Modified = {2015-03-12 13:34:09 +0000},
	Month = {March},
	Note = {Deliverable 2.3 of the {AMIDST} project, \url{amidst.eu}},
	Title = {A software library implementation of the modellling framework},
	Year = {2015}}

@inproceedings{Yuan2007,
	Author = {C. Yuan and M.J. Druzdzel},
	Booktitle = {Proceedings of the 11th International Conference on Artificial Intelligence and Statistics},
	Date-Added = {2015-03-12 13:29:58 +0000},
	Date-Modified = {2015-03-12 13:30:41 +0000},
	Pages = {652-659},
	Title = {Importance sampling for general hybrid {B}ayesian Networks},
	Year = {2007}}

@phdthesis{Beal2003,
	Author = {Beal, Matthew J.},
	Date-Added = {2015-03-12 13:28:45 +0000},
	Date-Modified = {2015-03-12 13:28:45 +0000},
	Mendeley-Groups = {Variational inference},
	Number = {May},
	Pages = {1--281},
	School = {Gatsby Computational Neuroscience Unit, University College London},
	Title = {Variational algorithms for approximate {B}ayesian inference},
	Url = {http://www.cse.buffalo.edu/faculty/mbeal/papers/beal03.pdf},
	Year = {2003},
	Bdsk-Url-1 = {http://www.cse.buffalo.edu/faculty/mbeal/papers/beal03.pdf}}

@inproceedings{Minka2001,
	Author = {Minka, TP},
	Booktitle = {Proceedings of the Seventeenth Conference Annual Conference on Uncertainty in Artificial Intelligence (UAI-01)},
	Date-Added = {2015-03-12 13:26:08 +0000},
	Date-Modified = {2015-03-12 13:26:08 +0000},
	Mendeley-Groups = {Variational inference},
	Pages = {362--369},
	Title = {{Expectation propagation for approximate {B}ayesian inference}},
	Url = {http://dl.acm.org/citation.cfm?id=2074067},
	Year = {2001},
	Bdsk-Url-1 = {http://dl.acm.org/citation.cfm?id=2074067}}

@article{Attias2000,
	Author = {Attias, Hagai},
	Date-Added = {2015-03-12 13:23:59 +0000},
	Date-Modified = {2015-03-12 13:23:59 +0000},
	Journal = {Advances in neural information processing systems},
	Mendeley-Groups = {Variational inference},
	Pages = {209---215},
	Title = {{A variational {B}ayesian framework for graphical models}},
	Url = {http://books.google.com/books?hl=en\&lr=\&id=A6J8kzUhCcAC\&oi=fnd\&pg=PA209\&dq=A+variational+Bayesian+framework+for+graphical+models\&ots=K2m\_1-dG0q\&sig=\_zAHpkYQq5FqqGpGSTC4ZQf003w},
	Year = {2000},
	Bdsk-Url-1 = {http://books.google.com/books?hl=en%5C&lr=%5C&id=A6J8kzUhCcAC%5C&oi=fnd%5C&pg=PA209%5C&dq=A+variational+Bayesian+framework+for+graphical+models%5C&ots=K2m%5C_1-dG0q%5C&sig=%5C_zAHpkYQq5FqqGpGSTC4ZQf003w}}

@article{Bishop2005,
	Author = {Winn, JM and Bishop, CM},
	Date-Added = {2015-03-12 13:17:07 +0000},
	Date-Modified = {2015-03-12 13:17:07 +0000},
	Journal = {Journal of Machine Learning Research},
	Keywords = {bayesian networks,message passing,variational inference},
	Mendeley-Groups = {Variational inference},
	Pages = {661--694},
	Title = {{Variational message passing}},
	Url = {http://machinelearning.wustl.edu/mlpapers/paper\_files/WinnB05.pdf},
	Volume = {6},
	Year = {2005},
	Bdsk-Url-1 = {http://machinelearning.wustl.edu/mlpapers/paper%5C_files/WinnB05.pdf}}

@misc{Deliverable2.1,
	Author = {H. Borchani and A. {Fern\'{a}ndez} and O. E. Gundersen and S. Hovda and H. Langseth and A. L.\ Madsen and A. M. {Mart\'{\i}nez} and R. S\'aez {Mart\'{\i}nez} and A. Masegosa and T. D.\ Nielsen and A. Salmer\'on and F. S\o rmo and G. Weidl},
	Date-Added = {2015-02-26 12:48:22 +0000},
	Date-Modified = {2015-02-26 13:07:43 +0000},
	Month = {September},
	Note = {Deliverable 2.1 of the {AMIDST} project, \url{amidst.eu}},
	Title = {{The AMIDST modelling framework -- Initial draft report}},
	Year = {2014}}

@misc{Deliverable3.1,
	Author = {H. Langseth and A. L. Madsen and T. D. Nielsen and R. {Rum{\'{\i}}} and A. {Salmer\'{o}n}},
	Date-Added = {2015-02-26 12:48:15 +0000},
	Date-Modified = {2015-02-26 13:07:24 +0000},
	Month = {October},
	Note = {Deliverable 3.1 of the {AMIDST} project, \url{amidst.eu}},
	Title = {State of the art of inference in hybrid and dynamic models},
	Year = {2014}}

@misc{Deliverable4.1,
	Author = {H. Borchani and H. Langseth and T. D.\ Nielsen and A. Salmer\'on and A. L.\ Madsen},
	Date-Added = {2015-02-26 12:38:39 +0000},
	Date-Modified = {2015-02-26 13:10:48 +0000},
	Month = {December},
	Title = {Progress report on the software development},
	Year = {2014}}

@mastersthesis{SlavaThesis2014,
	Author = {Tereshchenko, V.},
	Date-Added = {2014-09-19 08:47:33 +0000},
	Date-Modified = {2014-09-19 08:49:37 +0000},
	Month = {to appear},
	School = {University of Stuttgart},
	Title = {Relative object-object dynamics for earlier recognition of maneuvers in highway traffic},
	Year = {2014}}

@phdthesis{KasperThesis2013,
	Author = {Kasper, D.},
	Date-Added = {2014-09-19 08:40:22 +0000},
	Date-Modified = {2014-09-19 08:43:35 +0000},
	School = {T{\"u}bingen University, Germany},
	Title = {Erkennung von Fahrman{\"o}vern mit Object-Orrientierten {B}ayes-Netzen in Autobahnszenarien},
	Year = {2013}}

@inproceedings{Kasper2011,
	Author = {Kasper, D. and Weidl, G. and Dang, T. and Breuel, G. and Tamke, A. and Rosenstiel, W.},
	Booktitle = {IEEE Intelligent Vehicles Symposium (IV), Kongresshaus Baden-Baden, Germany, June 5-9},
	Date-Added = {2014-09-19 08:26:20 +0000},
	Date-Modified = {2014-09-19 09:47:31 +0000},
	Pages = {673--678},
	Title = {Object-oriented {B}ayesian networks for detection of lane change maneuvers},
	Year = {2011}}

@article{Shi94,
	Author = {Solomon Eyal Shimony},
	Date-Modified = {2014-09-19 09:23:38 +0000},
	Journal = {Artificial Intelligence},
	Number = {2},
	Pages = {399--410},
	Title = {Finding {MAP}s for Belief networks is {NP}-hard},
	Volume = {68},
	Year = {1994}}

@book{Nag13,
	Address = {New York},
	Author = {Radhakrishnan Nagarajan and Marco Scutari and Sophie Lebre},
	Note = {ISBN 978-1461464457},
	Publisher = {Springer},
	Title = {Bayesian networks in R with applications in systems biology},
	Year = {2013}}

@article{Scu10,
	Author = {Marco Scutari},
	Date-Modified = {2014-09-09 15:33:22 +0000},
	Journal = {Journal of Statistical Software},
	Number = {3},
	Pages = {1--22},
	Title = {Learning {B}ayesian Networks with the {bnlearn} {R} Package},
	Volume = {35},
	Year = {2010},
	Bdsk-Url-1 = {http://www.jstatsoft.org/v35/i03/}}

@misc{Deliverable1.2,
	Author = {H. Borchani and A. Fern\'andez and O. E. Gundersen and S. Hovda and H. Langseth and A. L.\ Madsen and R. Mart\'inez and A. Masegosa and T. D.\ Nielsen and A. Salmer\'on and F. S{\o}rmo and G. Weidl},
	Date-Modified = {2015-02-26 13:05:57 +0000},
	Month = {August},
	Note = {Deliverable 1.2 of the AMIDST project, available from \url{http://amidst.eu/}.},
	Title = {Requirements for the automotive, oil and financial data domains},
	Year = {2014}}

@misc{Deliverable1.1,
	Author = {A. Fern\'andez and S. Hovda and H. Langseth and A. L.\ Madsen and A. Masegosa and T. D.\ Nielsen and A. Salmer\'on},
	Date-Modified = {2015-02-26 13:05:45 +0000},
	Month = {July},
	Note = {Deliverable 1.1 of the AMIDST project, available from \url{http://amidst.eu/}.},
	Title = {General Methodology for Requirement Analysis},
	Year = {2014}}

@article{kasper2012object,
	Author = {Kasper, D. and Weidl, G. and Dang, T. and Breuel, G. and Tamke, A. and Wedel, A. and Rosenstiel, W.},
	Date-Modified = {2014-09-19 09:48:17 +0000},
	Journal = {IEEE Intelligent Transportation Systems Magazine},
	Number = {3},
	Pages = {19--31},
	Title = {Object-oriented {B}ayesian networks for detection of lane change maneuvers},
	Volume = {4},
	Year = {2012}}

@inproceedings{Weidl2014,
	Author = {Weidl, G. and Madsen, A. L. and Kasper, D. and Breuel, G.},
	Booktitle = {IEEE Multi-Conference on Systems and Control, Nice/Antibes, France, October 8-10},
	Date-Modified = {2014-09-19 09:50:16 +0000},
	Pages = {To appear},
	Title = {Optimizing {B}ayesian Networks for Recognition of Driving Maneuvers to Meet the Automotive Requirements},
	Year = {2014}}

@inproceedings{weidl2013collision,
	Author = {Weidl, Galia and Breuel, Gabi and Singhal, Virat},
	Booktitle = {Proceedings of the 5th International Conference on Automotive User Interfaces and Interactive Vehicular Applications},
	Organization = {ACM},
	Pages = {270--277},
	Title = {Collision risk prediction and warning at road intersections using an object oriented Bayesian network},
	Year = {2013}}

@inproceedings{schlechtriemen2014lane,
	Author = {Schlechtriemen, Julian and Wedel andreas and Hillenbrand, Joerg and Breuel, Gabi and Kuhnert, Klaus-Dieter},
	Booktitle = {IEEE Intelligent Vehicles Symposium Proceedings},
	Date-Modified = {2014-09-19 09:26:27 +0000},
	Pages = {108--114},
	Title = {A lane change detection approach using feature ranking with maximized predictive power},
	Year = {2014}}

@book{Pearl1988,
	Author = {Pearl, J.},
	Date-Modified = {2015-03-02 13:51:36 +0000},
	Publisher = {Morgan Kaufmann},
	Title = {{Probabilistic Reasoning In Intelligent Systems: Networks of Plausible Inference}},
	Year = {1988}}

@book{Newton:1988,
	Address = {Belmont, CA, USA},
	Author = {Newton, H. Joseph},
	Date-Modified = {2014-09-09 15:33:22 +0000},
	Edition = {1st},
	Isbn = {0534091989},
	Publisher = {Wadsworth Publ. Co.},
	Title = {Timeslab: A Time Series Analysis Laboratory},
	Year = {1988},
	Bdsk-Url-1 = {https://bearspace.baylor.edu/Jane_Harvill/www/timeslab/index.html}}

@book{russelNorvig2009,
	Author = {Russell, S.J. and Norvig, P.},
	Date-Modified = {2014-09-19 09:52:19 +0000},
	Edition = {Third},
	Publisher = {Prentice Hall},
	Title = {{Artificial Intelligence: A Modern Approach}},
	Year = {2009}}

@book{JensenNielsen2007,
	Author = {Jensen, F.V. and Nielsen, T.D.},
	Date-Modified = {2014-09-19 09:24:58 +0000},
	Edition = {Second},
	Isbn = {9780387682815},
	Publisher = {Springer Publishing Company, Incorporated},
	Title = {Bayesian networks and decision graphs},
	Year = {2007}}

@book{lauritzen1996graphical,
	Author = {Lauritzen, S.L.},
	Date-Modified = {2014-09-19 09:14:28 +0000},
	Publisher = {Oxford University Press},
	Title = {{Graphical Models}},
	Year = {1996}}

@article{Lauritzen1992,
	Author = {Lauritzen, Steffen L.},
	Citeulike-Article-Id = {117638},
	Citeulike-Linkout-0 = {http://www.jstor.org/stable/2290647},
	Date-Modified = {2014-09-09 15:33:22 +0000},
	Journal = {Journal of the American Statistical Association},
	Keywords = {bayesnet},
	Number = {420},
	Pages = {1098--1108},
	Posted-At = {2005-03-08 23:33:20},
	Priority = {3},
	Title = {{Propagation of probabilities, means, and variances in mixed graphical association models}},
	Volume = {87},
	Year = {1992},
	Bdsk-Url-1 = {http://www.jstor.org/stable/2290647}}

@article{LauritzenJensen2001,
	Acmid = {599407},
	Address = {Hingham, MA, USA},
	Author = {Lauritzen, S.L. and Jensen, F.},
	Date-Modified = {2014-09-19 08:50:49 +0000},
	Issn = {0960-3174},
	Issue_Date = {April 2001},
	Journal = {Statistics and Computing},
	Keywords = {Bayesian networks, CG distributions, Gaussian mixtures, artificial intelligence, probabilistic expert systems, propagation of evidence},
	Number = {2},
	Numpages = {13},
	Pages = {191--203},
	Publisher = {Kluwer Academic Publishers},
	Title = {Stable Local Computation with Conditional {G}aussian Distributions},
	Volume = {11},
	Year = {2001},
	Bdsk-Url-1 = {http://dx.doi.org/10.1023/A:1008935617754}}

@article{Geman1984,
	Acmid = {2286617},
	Address = {Washington, DC, USA},
	Author = {Geman, S. and Geman, D.},
	Date-Modified = {2014-09-19 08:52:43 +0000},
	Issn = {0162-8828},
	Issue_Date = {November 1984},
	Journal = {IEEE Transactions on Pattern Analysis and Machine Intelligence},
	Keywords = {Annealing, Gibbs distribution, MAP estimate, Markov random field, image restoration, line process, relaxation, scene modeling, spatial degradation},
	Number = {6},
	Numpages = {21},
	Pages = {721--741},
	Publisher = {IEEE Computer Society},
	Title = {Stochastic Relaxation, {G}ibbs Distributions, and the {B}ayesian Restoration of Images},
	Volume = {6},
	Year = {1984},
	Bdsk-Url-1 = {http://dx.doi.org/10.1109/TPAMI.1984.4767596}}

@article{hrycej1990gibbs,
	Author = {Hrycej, Tomas},
	Citeulike-Article-Id = {2151046},
	Citeulike-Linkout-0 = {http://dblp.uni-trier.de/rec/bibtex/journals/ai/Hrycej90},
	Date-Modified = {2014-09-09 15:33:22 +0000},
	Journal = {Artificial Intelligence},
	Keywords = {bayesian\_network, gibbs},
	Number = {3},
	Pages = {351--363},
	Posted-At = {2007-12-20 10:27:00},
	Priority = {2},
	Publisher = {Elsevier Science Publishers B.V.},
	Title = {{Gibbs sampling in Bayesian networks}},
	Volume = {46},
	Year = {1990},
	Bdsk-Url-1 = {http://dblp.uni-trier.de/rec/bibtex/journals/ai/Hrycej90}}

@article{Jordan1999,
	Acmid = {339252},
	Address = {Hingham, MA, USA},
	Author = {Jordan, M.I. and Ghahramani, Z. and Jaakkola, T.S. and Lawrence, S.K.},
	Date-Modified = {2014-09-19 09:44:38 +0000},
	Issn = {0885-6125},
	Issue_Date = {Nov.1.1999},
	Journal = {Machine Learning},
	Keywords = {Bayesian networks, Boltzmann machines, approximate inference, belief networks, graphical models, hidden Markov models, mean field methods, neural networks, probabilistic inference, variational methods},
	Number = {2},
	Numpages = {51},
	Pages = {183--233},
	Publisher = {Kluwer Academic Publishers},
	Title = {An Introduction to Variational Methods for Graphical Models},
	Volume = {37},
	Year = {1999},
	Bdsk-Url-1 = {http://dx.doi.org/10.1023/A:1007665907178}}

@inproceedings{KozlovKollerUAI97,
	Author = {Kozlov, A.V. and Koller, D.},
	Booktitle = {Thirteenth Conference on Uncertainty in Artificial Intelligence},
	Date-Modified = {2014-09-19 09:09:41 +0000},
	Pages = {314--325},
	Title = {Nonuniform dynamic discretization in hybrid networks},
	Year = {1997}}

@inproceedings{Moral2001,
	Added-At = {2011-06-28T00:00:00.000+0200},
	Author = {Moral, Seraf\'in and Rum\'i, Rafael and Salmer\'on, Antonio},
	Biburl = {http://www.bibsonomy.org/bibtex/20a3eacf4572744dcc92b46a8eea5b7dd/dblp},
	Booktitle = {Sixth European Conference on Symbolic and Quantitative Approaches to Reasoning with Uncertainty (ECSQARU)},
	Crossref = {conf/ecsqaru/2001},
	Date-Modified = {2014-09-19 08:59:34 +0000},
	Ee = {http://dx.doi.org/10.1007/3-540-44652-4_15},
	Interhash = {32d007286dd3ecf6276f5a0faa9392d3},
	Intrahash = {0a3eacf4572744dcc92b46a8eea5b7dd},
	Isbn = {3-540-42464-4},
	Keywords = {dblp},
	Pages = {156--167},
	Publisher = {Springer},
	Series = {Lecture Notes in Computer Science},
	Timestamp = {2011-06-28T00:00:00.000+0200},
	Title = {Mixtures of Truncated Exponentials in Hybrid {B}ayesian Networks.},
	Volume = 2143,
	Year = 2001,
	Bdsk-Url-1 = {http://dblp.uni-trier.de/db/conf/ecsqaru/ecsqaru2001.html#MoralRS01}}

@proceedings{conf/ecsqaru/2001,
	Bibsource = {DBLP, http://dblp.uni-trier.de},
	Booktitle = {ECSQARU},
	Editor = {Salem Benferhat and Philippe Besnard},
	Isbn = {3-540-42464-4},
	Publisher = {Springer},
	Series = {Lecture Notes in Computer Science},
	Title = {Symbolic and Quantitative Approaches to Reasoning with Uncertainty, 6th European Conference, ECSQARU 2001, Toulouse, France, September 19-21, 2001, Proceedings},
	Volume = {2143},
	Year = {2001}}

@article{Langseth12,
	Author = {Langseth, H. and Nielsen, T.D. and Rum\'i, R. and Salmer\'on, A.},
	Date-Modified = {2014-09-19 09:46:12 +0000},
	Journal = {International Journal of Approximate Reasoning},
	Number = 2,
	Pages = {212--227},
	Title = {Mixtures of truncated basis functions},
	Volume = 53,
	Year = 2012,
	Bdsk-Url-1 = {http://dblp.uni-trier.de/db/journals/ijar/ijar53.html#LangsethNRS12}}

@inproceedings{KollerPfeffer1997,
	Added-At = {2010-05-27T23:36:48.000+0200},
	Author = {Koller, D. and Pfeffer, A.},
	Biburl = {http://www.bibsonomy.org/bibtex/2f489e614345d914b720f6cf34c8a2501/wnpxrz},
	Booktitle = {Thirteenth Conference on Uncertainty in Artificial Intelligence},
	Date-Modified = {2014-09-19 09:09:26 +0000},
	Description = {CiteSeerX --- Object-Oriented Bayesian Networks},
	Interhash = {85201f9d82e20f3334118201b6b691b1},
	Intrahash = {f489e614345d914b720f6cf34c8a2501},
	Keywords = {proj:o4p},
	Pages = {302--313},
	Timestamp = {2010-05-27T23:36:48.000+0200},
	Title = {{Object-oriented Bayesian networks}},
	Year = 1997,
	Bdsk-Url-1 = {http://robotics.stanford.edu/~koller/Papers/Koller+Pfeffer:UAI97.pdf}}

@article{DeanKanazawa1989,
	Acmid = {86609},
	Address = {Cambridge, MA, USA},
	Author = {Dean, T. and Kanazawa, K.},
	Date-Modified = {2014-09-19 09:04:34 +0000},
	Issn = {0824-7935},
	Issue_Date = {Aug. 1990},
	Journal = {Computational Intelligence},
	Number = {3},
	Numpages = {9},
	Pages = {142--150},
	Publisher = {Blackwell Publishers, Inc.},
	Title = {A Model for Reasoning About Persistence and Causation},
	Volume = {5},
	Year = {1989},
	Bdsk-Url-1 = {http://dx.doi.org/10.1111/j.1467-8640.1989.tb00324.x}}

@inproceedings{BoyenKoller1998,
	Added-At = {2012-04-11T20:35:17.000+0200},
	Author = {Boyen, X. and Koller, D.},
	Biburl = {http://www.bibsonomy.org/bibtex/23d8db86f78f1908edb9575aad6d8620c/aude.hofleitner},
	Booktitle = {Fourteenth Conference on Uncertainty in Artificial Intelligence (UAI)},
	Date-Modified = {2014-09-19 09:06:32 +0000},
	Groups = {public},
	Interhash = {fe79c3e9bced1a7b1ae1828e694a1602},
	Intrahash = {3d8db86f78f1908edb9575aad6d8620c},
	Pages = {33--42},
	Timestamp = {2012-04-11T20:35:17.000+0200},
	Title = {Tractable inference for complex stochastic processes},
	Username = {aude.hofleitner},
	Year = 1998}

@inproceedings{Doucet2000,
	Author = {Doucet, A. and Freitas, N. and Murphy, K.P. and Russell, S.J.},
	Booktitle = {Sixteenth Conference on Uncertainty in Artificial Intelligence},
	Date-Modified = {2014-09-19 09:50:01 +0000},
	Pages = {176--183},
	Title = {Rao-Blackwellised Particle Filtering for Dynamic {B}ayesian Networks},
	Year = {2000},
	Bdsk-Url-1 = {http://dl.acm.org/citation.cfm?id=647234.720075}}

@book{barberBRML2012,
	Author = {Barber, David},
	Date-Modified = {2014-09-19 09:51:19 +0000},
	Publisher = {{Cambridge University Press}},
	Title = {{Bayesian Reasoning and Machine Learning}},
	Year = 2012}

@incollection{She90,
	Author = {P. P. Shenoy and G. Shafer},
	Booktitle = {Uncertainty in Artificial Intelligence, 4},
	Date-Added = {2012-03-29 13:59:59 +0200},
	Date-Modified = {2012-03-29 14:00:00 +0200},
	Editor = {R.D. Shachter and T.S. Levitt and J.F. Lemmer and L.N. Kanal},
	Pages = {169-198},
	Publisher = {North Holland, Amsterdam},
	Title = {Axioms for probability and belief functions propagation},
	Year = {1990}}

@article{Zha96,
	Author = {N. L. Zhang and D. Poole},
	Journal = {Journal of Artificial Intelligence Research},
	Pages = {301--328},
	Title = {Exploiting causal independence in {B}ayesian network inference},
	Volume = {5},
	Year = {1996}}

@article{Shenoy2011,
	Author = {Prakash P. Shenoy and James C. West},
	Doi = {http://dx.doi.org/10.1016/j.ijar.2010.09.003},
	Issn = {0888-613X},
	Journal = {International Journal of Approximate Reasoning},
	Keywords = {Mixtures of truncated exponentials},
	Note = {Workshop on Uncertainty Processing - WUPES'09},
	Number = {5},
	Pages = {641 - 657},
	Title = {Inference in hybrid {B}ayesian networks using mixtures of polynomials},
	Url = {http://www.sciencedirect.com/science/article/pii/S0888613X10001258},
	Volume = {52},
	Year = {2011},
	Bdsk-Url-1 = {http://www.sciencedirect.com/science/article/pii/S0888613X10001258},
	Bdsk-Url-2 = {http://dx.doi.org/10.1016/j.ijar.2010.09.003}}

@article{GundersenSAS12,
	Author = {Odd Erik Gundersen and Frode S{\o}rmo and Agnar Aamodt and P{\aa}l Skalle},
	Bibsource = {dblp computer science bibliography, http://dblp.org},
	Biburl = {http://dblp.uni-trier.de/rec/bib/journals/aim/GundersenSAS13},
	Journal = {{AI} Magazine},
	Number = {1},
	Pages = {21--32},
	Timestamp = {Sat, 27 Sep 2014 11:34:43 +0200},
	Title = {A Real-Time Decision Support System for High Cost Oil-Well Drilling Operations},
	Url = {http://www.aaai.org/ojs/index.php/aimagazine/article/view/2434},
	Volume = {34},
	Year = {2013},
	Bdsk-Url-1 = {http://www.aaai.org/ojs/index.php/aimagazine/article/view/2434}}
