@TechReport{HowJeb05, 
author = {Howard, A. and Jebara, T.}, 
title = {Square Root Propagation}, 
institution = {Columbia University, Department of Computer Science}, 
year = {2005}, 
number = {CUCS-040-05} }

@article{heckerman1995learning,
  title={Learning Bayesian networks: The combination of knowledge and statistical data},
  author={Heckerman, David and Geiger, Dan and Chickering, David M},
  journal={Machine learning},
  volume={20},
  number={3},
  pages={197--243},
  year={1995},
  publisher={Springer}
}