%%

@Article{Boe91,
  author =       {B. Boehm},
  title =        {Software Risk Management: Principles and Practices},
  journal =      {IEEE Software},
  year =         1991,
  volume =       8,
  number =       1,
  pages =        {32-41}
}

@Book{Jac99,
  author =       {I. Jackson and G. Booch and J. Rumbaugh},
  title =        {The Unified Software Development Process},
  publisher =      {Addison-Wesley Professional},
  year =         1999,
}

@Book{Som11,
  author =       {I. Sommerville},
  title =        {Software Engineering},
  publisher =      {Addison-Wesley},
  year =         2011,
}


@Book{Jac92,
  author =       {I. Jacobson},
  title =        {Object Oriented Software Engineering: A Use Case Driven Approach},
  publisher =      {Addison-Wesley},
  year =         1992,
}


@Book{Bec99,
  author =       {K. Beck},
  title =        {Extreme Programming Explained: Embrace Change},
  publisher =      {Addison-Wesley},
  year =         1999,
}





@Book{Eig09,
  author =       {M. S. Eigner},
  title =        {Product Lifecycle Management},
  publisher =      {Springer-verlag},
  year =         2009,
}

@Book{Ebe10,
  author =       {C. Ebert},
  title =        {Systematisches Requirement Engineering},
  publisher =      {Dpunkt Verlag},
  year =         2010,
}

@Book{Coc01,
  author =       {A. Cockburn},
  title =        {Writing Effective Use Cases},
  publisher =      {Addison-Wesley Professional},
  year =         2001,
}


@Book{Lou95,
  author =       {P. Loucopoulos and V. Karakostas},
  title =        {System Requirement Engineering},
  publisher =      {Mcgraw-Hill Book Company Europa},
  year =         1995,
}

@ARTICLE{Iee90, 
author={}, 
journal={IEEE Std. 610.12-1990}, title={IEEE Standard Glossary of Software Engineering Terminology}, 
year={1990}, 
month={ }, 
volume={}, 
number={}, 
pages={}, 
keywords={}, 
doi={}, 
ISSN={},}

@Book{Ewu03,
  author =       {K. Ewusi-Mensah},
  title =        {Software Development Failures},
  publisher =      {The MIT press},
  year =         2003,
}


@techreport{Poh96,
  author =       {K. Pohl},
  title =        {Requirement Engineering: An Overview},
  institution  = "RWTH",
  department = "Fachgruppe Informatik",
  address       = "Aachen, Germany",
  year          = "1996"
}

@book{Poh10,
  author =       {K. Pohl},
  title =        {Requirement Engineering - Fundamentals, Principles and Techniques},
  publisher =    {Springer-Verlag},
  year          = "2010"
}

@Article{Ral13,
  author =       {P. Ralph},
  title =        {The Illusion of Requirements in software Development},
  journal =      {Requirements Engineering},
  year =         2013,
  volume =       18,
  pages =        {293-296}
}

@techreport{Fix51,
  author =       {E. Fix and J. L. Hodges},
  title =        {Discriminatory Analysis - Nonparametric Discrimination: Consistency Properties},
  institution  = "United States Air Force School of Aviation Medicine",
  department = "",
  address       = "Randolph Field, Texas",
  number        = "4",
  month         = "",
  year          = "1951"
}

@InProceedings{Roy70,
  author =       {W. Royce},
  title =        {Managing the Development of Large Software Systems},
  booktitle =    {Proceedings of IEEE WESCON},
   month         = "August",
  pages =        {1-9},
  year =         1970
}


@InProceedings{For91,
  author =       {K. Forsberg and H. Mooz},
  title =        {The Relationship of System Engineering to the Project Cycle},
  booktitle =    {Proceedings of the First Annual Symposium of National council on System Engineering},
  month         = "October",
  pages =        {57-65},
  year =         1991
}


@InProceedings{Hov07,
  author =       {Sigve Hovda and H{\aa}vard Rue and Bj{\o}rn Olstad},
  title =        {Bandwidth of the Ultrasound Doppler Signal to
Distinguish Blood from Tissue Signal in the Left Ventricle},
  booktitle =    {Accepted in Proceedings of Medical Imaging and Informatics},
  year =         2007
}

@Book{Wal98,
  author =       {D. A. R. Wallace},
  title =        {Groups, Rings and Fields},
  publisher =    {Springer-Verlag},
  year =         {1998}
}

% ------------------------------------------------------------------------
