@TechReport{HowJeb05, author = {Howard, A. and Jebara, T.}, title = {Square Root Propagation}, institution = {Columbia University, Department of Computer Science}, year = {2005}, number = {CUCS-040-05} }