@misc{AMIDST-D12,
	Author = {Hanen Borchani and Antonio {Fern\'{a}ndez} and Odd E. Gundersen and Sigve Hovda and Helge Langseth and Anders L. Madsen and Ram\'{o}n S\'aez {Mart\'{\i}nez} and Andr\'{e}s Masegosa and Thomas D. Nielsen and Antonio {Salmer\'{o}n} and Frode {S\o rmo} and Galia Weidl},
	Date-Added = {2014-10-29 11:52:47 +0000},
	Date-Modified = {2014-10-29 11:56:42 +0000},
	Note = {Deliverable 1.2 of the {AMIDST} project, \url{amidst.eu}},
	Title = {Requirements for the automotive, oil and financial data domains},
	Year = {2014}}
