%%
@article{Lan12,
title = {Mixtures of truncated basis functions},
journal = {International Journal of Approximate Reasoning},
volume = {53},
number = {2},
pages = {212--227},
year = {2012},
author = {Helge Langseth and Thomas D. Nielsen and Rafael Rum\'i and Antonio Salmer\'on},
}


  @Book{Nag13,
    title = {Bayesian networks in R with applications in systems
      biology},
    author = {Radhakrishnan Nagarajan and Marco Scutari and Sophie
      Lebre},
    publisher = {Springer},
    address = {New York},
    year = {2013},
    note = {ISBN 978-1461464457},
  }
  @Article{Scu10,
    title = {Learning {B}ayesian Networks with the {bnlearn} {R}
      Package},
    author = {Marco Scutari},
    journal = {Journal of Statistical Software},
    year = {2010},
    volume = {35},
    number = {3},
    pages = {1--22},
    url = {http://www.jstatsoft.org/v35/i03/},
  }

@unpublished{Fer14b,
author = {H. Borchani and A. Fern\'andez and O. E. Gundersen and S. Hovda and  H. Langseth and A. L.\ Madsen and R. Mart\'inez and A. Masegosa and T. D.\ Nielsen and  A. Salmer\'on and F. S{\o}rmo and G. Weidl},
title = {Requirements for the automotive, oil and financial data domains},
month = {August},
year = {2014},
note ={Deliverable 1.2 of the AMIDST project, available from \url{http://amidst.eu/}.}
}

@unpublished{Fer14,
author = {A. Fern\'andez and S. Hovda and  H. Langseth and A. L.\ Madsen and A. Masegosa and T. D.\ Nielsen and  A. Salmer\'on },
title = {General Methodology for Requirement Analysis},
month = {July},
year = {2014},
note ={Deliverable 1.1 of the AMIDST project, available from \url{http://amidst.eu/}.}
}



@article{kasper2012object,
  title={Object-oriented {B}ayesian networks for detection of lane change maneuvers},
  author={Kasper, Dietmar and Weidl, Galia and Dang, Thao and Breuel, Gabi and Tamke, Andreas and Wedel, Andreas and Rosenstiel, Wolfgang},
  journal={Intelligent Transportation Systems Magazine, IEEE},
  volume={4},
  number={3},
  pages={19--31},
  year={2012},
  publisher={IEEE}
}

@inproceedings{Weidl2014,
author = {Galia Weidl, Anders L Madsen, Dietmar Kasper and Gabi Breuel}, 
title={Optimizing {B}ayesian Networks for Recognition of Driving Maneuvers to Meet the Automotive Requirements}, 
year = {2014},
booktitle = {IEEE Multi-Conference on Systems and Control, Nice/Antibes, France, October 8-10, 2014, to appear}
}


@inproceedings{weidl2013collision,
  title={Collision risk prediction and warning at road intersections using an object oriented Bayesian network},
  author={Weidl, Galia and Breuel, Gabi and Singhal, Virat},
  booktitle={Proceedings of the 5th International Conference on Automotive User Interfaces and Interactive Vehicular Applications},
  pages={270--277},
  year={2013},
  organization={ACM}
}

@inproceedings{schlechtriemen2014lane,
  title={A lane change detection approach using feature ranking with maximized predictive power},
  author={Schlechtriemen, Julian and Wedel, Andreas and Hillenbrand, Joerg and Breuel, Gabi and Kuhnert, Klaus-Dieter},
  booktitle={Intelligent Vehicles Symposium Proceedings, 2014 IEEE},
  pages={108--114},
  year={2014},
  organization={IEEE}
}


@book{pearl1988probabilistic,
  title={Probabilistic reasoning in intelligent systems: networks of plausible inference},
  author={Pearl, Judea},
  year={1988},
  publisher={Morgan Kaufmann}
}


@book{Newton:1988,
 author = {Newton, H. Joseph},
 title = {Timeslab: A Time Series Analysis Laboratory},
 year = {1988},
 isbn = {0534091989},
 edition = {1st},
 publisher = {Wadsworth Publ. Co.},
 address = {Belmont, CA, USA},
 url = {https://bearspace.baylor.edu/Jane_Harvill/www/timeslab/index.html}
} 

@book{russelNorvig2009,
  author = {S. J. Russell and P. Norvig},
  publisher = {Prentice Hall},
  title = {{Artificial intelligence: a modern approach}},
  year = {2009},
  edition = {3rd}
}

@book{JensenNielsen2007,
 author = {Jensen, Finn V. and Nielsen, Thomas D.},
 title = {Bayesian networks and decision graphs},
 year = {2007},
 isbn = {9780387682815},
 edition = {2nd},
 publisher = {Springer Publishing Company, Incorporated},
}


@book{lauritzen1996graphical,
  title={Graphical models},
  author={Lauritzen, Steffen L},
  year={1996},
  publisher={Oxford University Press}
}

@article{Lauritzen1992,
    author = {Lauritzen, Steffen L.},
    citeulike-article-id = {117638},
    citeulike-linkout-0 = {http://www.jstor.org/stable/2290647},
    journal = {Journal of the American Statistical Association},
    keywords = {bayesnet},
    number = {420},
    pages = {1098--1108},
    posted-at = {2005-03-08 23:33:20},
    priority = {3},
    title = {{Propagation of probabilities, means, and variances in mixed graphical association models}},
    url = {http://www.jstor.org/stable/2290647},
    volume = {87},
    year = {1992}
}

@article{LauritzenJensen2001,
 author = {Lauritzen, Steffen L. and Jensen, Frank},
 title = {Stable Local Computation with Conditional {G}aussian Distributions},
 journal = {Statistics and Computing},
 issue_date = {April 2001},
 volume = {11},
 number = {2},
 month = apr,
 year = {2001},
 issn = {0960-3174},
 pages = {191--203},
 numpages = {13},
 url = {http://dx.doi.org/10.1023/A:1008935617754},
 doi = {10.1023/A:1008935617754},
 acmid = {599407},
 publisher = {Kluwer Academic Publishers},
 address = {Hingham, MA, USA},
 keywords = {Bayesian networks, CG distributions, Gaussian mixtures, artificial intelligence, probabilistic expert systems, propagation of evidence},
}

@article{Geman1984,
 author = {Geman, Stuart and Geman, Donald},
 title = {Stochastic Relaxation, Gibbs Distributions, and the {B}ayesian Restoration of Images},
 journal = {IEEE Trans. Pattern Anal. Mach. Intell.},
 issue_date = {November 1984},
 volume = {6},
 number = {6},
 month = nov,
 year = {1984},
 issn = {0162-8828},
 pages = {721--741},
 numpages = {21},
 url = {http://dx.doi.org/10.1109/TPAMI.1984.4767596},
 doi = {10.1109/TPAMI.1984.4767596},
 acmid = {2286617},
 publisher = {IEEE Computer Society},
 address = {Washington, DC, USA},
 keywords = {Annealing, Gibbs distribution, MAP estimate, Markov random field, image restoration, line process, relaxation, scene modeling, spatial degradation},
}

@article{hrycej1990gibbs,
    author = {Hrycej, Tomas},
    citeulike-article-id = {2151046},
    citeulike-linkout-0 = {http://dblp.uni-trier.de/rec/bibtex/journals/ai/Hrycej90},
    journal = {Artificial Intelligence},
    keywords = {bayesian\_network, gibbs},
    number = {3},
    pages = {351--363},
    posted-at = {2007-12-20 10:27:00},
    priority = {2},
    publisher = {Elsevier Science Publishers B.V.},
    title = {{Gibbs sampling in Bayesian networks}},
    url = {http://dblp.uni-trier.de/rec/bibtex/journals/ai/Hrycej90},
    volume = {46},
    year = {1990}
}

@article{Jordan1999,
 author = {Jordan, Michael I. and Ghahramani, Zoubin and Jaakkola, Tommi S. and Saul, Lawrence K.},
 title = {An Introduction to Variational Methods for Graphical Models},
 journal = {Mach. Learn.},
 issue_date = {Nov.1.1999},
 volume = {37},
 number = {2},
 month = nov,
 year = {1999},
 issn = {0885-6125},
 pages = {183--233},
 numpages = {51},
 url = {http://dx.doi.org/10.1023/A:1007665907178},
 doi = {10.1023/A:1007665907178},
 acmid = {339252},
 publisher = {Kluwer Academic Publishers},
 address = {Hingham, MA, USA},
 keywords = {Bayesian networks, Boltzmann machines, approximate inference, belief networks, graphical models, hidden Markov models, mean field methods, neural networks, probabilistic inference, variational methods},
}

@inproceedings{KozlovKollerUAI97,
  author =       "A. V. Kozlov and D. Koller",
  booktitle =    "Proc. Thirteenth Conference on Uncertainty in
                 Artificial Intelligence (UAI)",
  title =        "Nonuniform dynamic discretization in hybrid networks",
  pages =        "314--325",
  year =         "1997",
}

@inproceedings{Moral2001,
  added-at = {2011-06-28T00:00:00.000+0200},
  author = {Moral, Seraf\'in and Rum\'i, Rafael and Salmer\'on, Antonio},
  biburl = {http://www.bibsonomy.org/bibtex/20a3eacf4572744dcc92b46a8eea5b7dd/dblp},
  booktitle = {ECSQARU},
  crossref = {conf/ecsqaru/2001},
  editor = {Benferhat, Salem and Besnard, Philippe},
  ee = {http://dx.doi.org/10.1007/3-540-44652-4_15},
  interhash = {32d007286dd3ecf6276f5a0faa9392d3},
  intrahash = {0a3eacf4572744dcc92b46a8eea5b7dd},
  isbn = {3-540-42464-4},
  keywords = {dblp},
  pages = {156-167},
  publisher = {Springer},
  series = {Lecture Notes in Computer Science},
  timestamp = {2011-06-28T00:00:00.000+0200},
  title = {Mixtures of Truncated Exponentials in Hybrid {B}ayesian Networks.},
  url = {http://dblp.uni-trier.de/db/conf/ecsqaru/ecsqaru2001.html#MoralRS01},
  volume = 2143,
  year = 2001
}

@proceedings{conf/ecsqaru/2001,
  bibsource = {DBLP, http://dblp.uni-trier.de},
  booktitle = {ECSQARU},
  editor = {Salem Benferhat and Philippe Besnard},
  isbn = {3-540-42464-4},
  publisher = {Springer},
  series = {Lecture Notes in Computer Science},
  title = {Symbolic and Quantitative Approaches to Reasoning with Uncertainty, 6th European Conference, ECSQARU 2001, Toulouse, France, September 19-21, 2001, Proceedings},
  volume = {2143},
  year = {2001}
}



@article{Langseth12,
  added-at = {2012-02-02T00:00:00.000+0100},
  author = {Langseth, Helge and Nielsen, Thomas D. and Rumí, Rafael and Salmerón, Antonio},
  biburl = {http://www.bibsonomy.org/bibtex/24e85e0a423f21babd077f553942ce09e/dblp},
  ee = {http://dx.doi.org/10.1016/j.ijar.2011.10.004},
  interhash = {30f27f3de1cbc39dc62cd5265409fbc3},
  intrahash = {4e85e0a423f21babd077f553942ce09e},
  journal = {Int. J. Approx. Reasoning},
  keywords = {dblp},
  number = 2,
  pages = {212-227},
  timestamp = {2012-02-02T00:00:00.000+0100},
  title = {Mixtures of truncated basis functions.},
  url = {http://dblp.uni-trier.de/db/journals/ijar/ijar53.html#LangsethNRS12},
  volume = 53,
  year = 2012
}

@inproceedings{KollerPfeffer1997,
  added-at = {2010-05-27T23:36:48.000+0200},
  author = {Koller, Daphne and Pfeffer, Avi},
  biburl = {http://www.bibsonomy.org/bibtex/2f489e614345d914b720f6cf34c8a2501/wnpxrz},
  booktitle = {Proceedings Thirteenth Conference on Uncertainty in Artificial Intelligence (UAI)},
  description = {CiteSeerX — Object-Oriented Bayesian Networks},
  interhash = {85201f9d82e20f3334118201b6b691b1},
  intrahash = {f489e614345d914b720f6cf34c8a2501},
  keywords = {proj:o4p},
  pages = {302--313},
  timestamp = {2010-05-27T23:36:48.000+0200},
  title = {{Object-oriented Bayesian networks}},
  url = {http://robotics.stanford.edu/~koller/Papers/Koller+Pfeffer:UAI97.pdf},
  year = 1997
}

@article{DeanKanazawa1989,
 author = {Dean, Thomas and Kanazawa, Keiji},
 title = {A Model for Reasoning About Persistence and Causation},
 journal = {Comput. Intell.},
 issue_date = {Aug. 1990},
 volume = {5},
 number = {3},
 month = dec,
 year = {1989},
 issn = {0824-7935},
 pages = {142--150},
 numpages = {9},
 url = {http://dx.doi.org/10.1111/j.1467-8640.1989.tb00324.x},
 doi = {10.1111/j.1467-8640.1989.tb00324.x},
 acmid = {86609},
 publisher = {Blackwell Publishers, Inc.},
 address = {Cambridge, MA, USA}
} 

@inproceedings{BoyenKoller1998,
  added-at = {2012-04-11T20:35:17.000+0200},
  author = {Boyen, X. and Koller, D.},
  biburl = {http://www.bibsonomy.org/bibtex/23d8db86f78f1908edb9575aad6d8620c/aude.hofleitner},
  booktitle = {14th Conference on Uncertainty in Artificial Intelligence},
  groups = {public},
  interhash = {fe79c3e9bced1a7b1ae1828e694a1602},
  intrahash = {3d8db86f78f1908edb9575aad6d8620c},
  keywords = {},
  pages = {33--42},
  timestamp = {2012-04-11T20:35:17.000+0200},
  title = {Tractable inference for complex stochastic processes},
  username = {aude.hofleitner},
  year = 1998
}

@inproceedings{Doucet2000,
 author = {Doucet, Arnaud and Freitas, Nando de and Murphy, Kevin P. and Russell, Stuart J.},
 title = {Rao-Blackwellised Particle Filtering for Dynamic {B}ayesian Networks},
 booktitle = {Proceedings of the 16th Conference on Uncertainty in Artificial Intelligence},
 series = {UAI '00},
 year = {2000},
 isbn = {1-55860-709-9},
 pages = {176--183},
 numpages = {8},
 url = {http://dl.acm.org/citation.cfm?id=647234.720075},
 acmid = {720075},
 publisher = {Morgan Kaufmann Publishers Inc.},
 address = {San Francisco, CA, USA},
}
% ------------------------------------------------------------------------
