%%

@inproceedings{Gam09,
 author = {Gama, Jo\~{a}o and Rodrigues, Pedro Pereira and Sebasti\~{a}o, Raquel},
 title = {Evaluating Algorithms That Learn from Data Streams},
 booktitle = {Proceedings of the 2009 ACM Symposium on Applied Computing},
 series = {SAC '09},
 year = {2009},
 isbn = {978-1-60558-166-8},
 location = {Honolulu, Hawaii},
 pages = {1496--1500},
 numpages = {5},
 url = {http://doi.acm.org/10.1145/1529282.1529616},
 doi = {10.1145/1529282.1529616},
 acmid = {1529616},
 publisher = {ACM},
 address = {New York, NY, USA},
 keywords = {learning from data streams, metrics and evaluation methods},
} 


@inproceedings{Gam09_2,
 author = {J. Gama and R. Sebasti{\~a}o and P. P. Rodrigues},
 title = {Issues in Evaluation of Stream Learning Algorithms},
 booktitle = {15th ACM SIGKDD International Conference on Knowledge Discovery and Data Mining (KDD)},
 year = {2009},
 location = {Paris, France},
 pages = {329-337},
} 

@Article{Kap14,
  author =       {Maurits Kaptein},
  title =        {RStorm: Developing and Testing Streaming Algorithms in R},
  journal =       {The R Journal},
  year =         2014,
  volume =       6,
  number =       1,
  pages =        {123-132}
}


@Article{Gam13,
  author =       {J. Gama and R. Sebasti{\~a}o and P. P. Rodrigues},
  title =        {On Evaluating Stream Learning Algorithms},
  journal =       {Machine Learning},
  year =         2013,
  volume =       90,
  number =       3,
  pages =        {317-346}
}


@Article{Dit13,
  author =       {G. Ditzler and R. Polikar},
  title =        {Incremental learning of concept drift from streaming imbalanced data},
  journal =       {IEEE Transactions of  Knowledge and Data Engineering},
  year =         2013,
  volume =       25,
  number =       10,
  pages =        {2283-2301}
}


@inproceedings{Hoe12,
 author = {T.R. Hoens and N.V. Chawla},
 title = {Learning in non-stationary environments with class imbalance},
 booktitle = {18th ACM SIGKDD International Conference on Knowledge Discovery and Data Mining (KDD)},
 year = {2012},
 location = {Beijing, China},
 pages = {168-176},
} 

@inproceedings{Lic10,
 author = {R. Lichtenwalter and N.V. Chawla},
 title = {Adaptive methods for classification in arbitrarily imbalanced and drifting data streams},
 booktitle = {New Frontiers in Applied Data Mining},
  series = {Lecture Notes in Computer Science},
 volume = 5669,
 year = {2010},
 location = {Bangkok, Thailand},
 pages = {53-75},
} 

@inproceedings{Brz14,
  author = {Brzezinski, Dariusz and Stefanowski, Jerzy},
  title = {Prequential AUC for Classifier Evaluation and Drift Detection in Evolving Data Streams},
  booktitle = {Proceedings of the 3rd International Workshop on New Frontiers in Mining Complex Patterns, Nancy, France, September 19, 2014},
  year = {2014}
}


@inproceedings{Wu07,
 author = {S. Wu and P.A. Flach and C.F. Ramirez},
 title = {An improved model selection heuristic for AUC},
 booktitle = {ECML PKDD},
  series = {Lecture Notes in Computer Science},
 volume = 4701,
 year = {2007},
 location = {Warsaw, Poland},
 pages = {478-489},
} 

@Book{Gam10,
  author =       {J. Gama},
  title =        {Knowledge Discovery from Data Streams},
  publisher =    {Chapman and Hall},
  year =         {2010}
}

% ------------------------NEW SH------------------------------------------------

@Book{Vap00,
  author =       {V. Vapnik},
  title =        {The Nature of Statistical Learning Theory. Information Science and Statistics},
  publisher =    {Springer Verlag},
  year =         {2000}
}


