%%

@inproceedings{Gam09,
 author = {Gama, Jo\~{a}o and Rodrigues, Pedro Pereira and Sebasti\~{a}o, Raquel},
 title = {Evaluating Algorithms That Learn from Data Streams},
 booktitle = {Proceedings of the 2009 ACM Symposium on Applied Computing},
 series = {SAC '09},
 year = {2009},
 isbn = {978-1-60558-166-8},
 location = {Honolulu, Hawaii},
 pages = {1496--1500},
 numpages = {5},
 url = {http://doi.acm.org/10.1145/1529282.1529616},
 doi = {10.1145/1529282.1529616},
 acmid = {1529616},
 publisher = {ACM},
 address = {New York, NY, USA},
 keywords = {learning from data streams, metrics and evaluation methods},
} 


@inproceedings{Gam09_2,
 author = {Gama, Jo\~{a}o and Sebasti\~{a}o, Raquel and Rodrigues, Pedro Pereira},
 title = {Issues in Evaluation of Stream Learning Algorithms},
 booktitle = {15th ACM SIGKDD International Conference on Knowledge Discovery and Data Mining (KDD)},
 year = {2009},
 location = {Paris, France},
 pages = {329-337},
} 

@Article{Kap14,
  author =       {Maurits Kaptein},
  title =        {RStorm: Developing and Testing Streaming Algorithms in R},
  journal =       {The R Journal},
  year =         2014,
  volume =       6,
  number =       1,
  pages =        {123-132}
}


@Article{Gam12,
  author =       {J. Gama and R. Sebasti{\~a}o and P. P. Rodrigues},
  title =        {On Evaluating Stream Learning Algorithms},
  journal =       {Machine Learning},
  year =         2012,
  volume =       90,
  number =       3,
  pages =        {317-346}
}


@Book{Wal98,
  author =       {D. A. R. Wallace},
  title =        {Groups, Rings and Fields},
  publisher =    {Springer-Verlag},
  year =         {1998}
}

% ------------------------------------------------------------------------
